@inproceedings{FieldMouse,
 author = {Siio, Itiro and Masui, Toshiyuki and Fukuchi, Kentaro},
 title = {Real-world interaction using the FieldMouse},
 booktitle = {Proceedings of the 12th annual ACM symposium on User interface software and technology},
 series = {UIST '99},
 year = {1999},
 isbn = {1-58113-075-9},
 location = {Asheville, North Carolina, United States},
 pages = {113--119},
 numpages = {7},
 url = {http://doi.acm.org/10.1145/320719.322592},
 doi = {http://doi.acm.org/10.1145/320719.322592},
 acmid = {322592},
 publisher = {ACM},
 address = {New York, NY, USA},
 keywords = {FieldMouse, active book, augmented reality, barcode, input device, mouse, paper-GUI, real-world inferface, real-world programming, scroll browser}
} 

@article{MouseField,
author = {椎尾 一郎 and 増井 俊之 and 塚田 浩二},
title = {MouseField: ユビキタスコンピューティングのための入力デバイス},
volume = {46},
number = {7},
journal = {情報処理学会論文誌},
year = {2005},
pages = {1661--1670}
}

@article{RealWorldGUI,
author = {増井 俊之},
title = {実世界{GUI}による情報家電プログラミング},
volumeXbxo = {2000-HI-89-1},
journal = {情報処理学会研究会報告},
year = {2000},
pages = {1--6}
}


